<?xml version="1.0" encoding="UTF-8"?><collection xmlns="http://www.loc.gov/MARC21/slim"><record><leader>00473nam--2200193-u-4500</leader><controlfield tag="001">000050657</controlfield><controlfield tag="002">20161230</controlfield><controlfield tag="005">20161230201048</controlfield><controlfield tag="008">080227s1000------------r-----000-0-eng-d</controlfield><datafield ind1=" " ind2=" " tag="020"><subfield code="a">0121216829</subfield></datafield><datafield ind1=" " ind2=" " tag="040"><subfield code="a">IFIN-HH</subfield></datafield><datafield ind1=" " ind2=" " tag="080"><subfield code="a">535.3:538.958</subfield></datafield><datafield ind1="1" ind2=" " tag="100"><subfield code="a">Boyd, Robert W</subfield></datafield><datafield ind1="1" ind2="0" tag="245"><subfield code="a">Nonlinear optics</subfield><subfield code="c">Robert w. boyd</subfield></datafield><datafield ind1=" " ind2=" " tag="250"><subfield code="a">Second Edition</subfield></datafield><datafield ind1=" " ind2=" " tag="260"><subfield code="a">London</subfield><subfield code="b">Academic Press</subfield><subfield code="c">2003</subfield></datafield><datafield ind1=" " ind2=" " tag="300"><subfield code="a">578 p</subfield></datafield><datafield ind1=" " ind2=" " tag="852"><subfield code="a">81979</subfield><subfield code="c">535</subfield></datafield><datafield ind1=" " ind2=" " tag="CAT"><subfield code="a">Sys</subfield><subfield code="c">20120105</subfield><subfield code="h">112206</subfield></datafield></record></collection>